  @misc{ enwiki:1183475870,
	author = "{Wikipedia contributors}",
	title = "Support vector machine --- {Wikipedia}{,} The Free Encyclopedia",
	year = "2023",
	howpublished = "\url{https://en.wikipedia.org/w/index.php?title=Support_vector_machine&oldid=1183475870}",
	note = "[Online; accessed 24-November-2023]"
}

@misc{mediumarticle,
	author = {Tarlan Ahadli},
	title = "Linear SVM Classifier: Step-by-step Theoretical Explanation with Python Implementation",
	howpublished = {\href{https://medium.com/@tarlanahad/linear-svm-classifier-step-by-step-theoretical-explanation-with-python-implementation-d86c4973dc33}{https://medium.com/}},
	note = {Bezocht op 20 november 2023},
	year = {Gepubliceerd op 24 aug, 2021}
}

@article{james2023introduction,
	title={An introduction to statistical learning: With applications in python},
	author={James, Gareth and Witten, Daniela and Hastie, Trevor and Tibshirani, Robert and Taylor, Jonathan},
	journal={(No Title)},
	year={2023},
	publisher={Springer}
}

@misc{Bhande_2018, title={What is underfitting and overfitting in machine learning and how to deal with it.}, url={https://medium.com/greyatom/what-is-underfitting-and-overfitting-in-machine-learning-and-how-to-deal-with-it-6803a989c76}, journal={Medium}, publisher={GreyAtom}, author={Bhande, Anup}, year={2018}, month={Mar}} 