@misc{mediumarticle,
	author = {Tarlan Ahadli},
	title = "Linear SVM Classifier: Step-by-step Theoretical Explanation with Python Implementation",
	howpublished = {\href{https://medium.com/@tarlanahad/linear-svm-classifier-step-by-step-theoretical-explanation-with-python-implementation-d86c4973dc33}{https://medium.com/}},
	note = {Bezocht op 20 november 2023},
	year = {Gepubliceerd op 24 aug, 2021}
}